<?xml version="1.0" encoding="UTF-8"?><collection xmlns="http://www.loc.gov/MARC21/slim"><record><leader>00547nam--2200205-u-4500</leader><controlfield tag="001">000055208</controlfield><controlfield tag="002">20161230</controlfield><controlfield tag="005">20161230201052</controlfield><controlfield tag="008">121123s1000------------r-----000-0-rus-d</controlfield><datafield ind1=" " ind2=" " tag="040"><subfield code="a">IFIN-HH</subfield></datafield><datafield ind1=" " ind2=" " tag="041"><subfield code="a">rus</subfield></datafield><datafield ind1=" " ind2=" " tag="080"><subfield code="a">669.017:538.91</subfield></datafield><datafield ind1="1" ind2=" " tag="100"><subfield code="a">Sivertsen, J.M</subfield></datafield><datafield ind1="1" ind2="0" tag="245"><subfield code="a">Struktura i svoistva tverdih rastvorov</subfield><subfield code="c">J.m. sivertsen, m.e. nicholson</subfield></datafield><datafield ind1=" " ind2=" " tag="260"><subfield code="a">Moskva</subfield><subfield code="b">Metallurgia</subfield><subfield code="c">1964</subfield></datafield><datafield ind1=" " ind2=" " tag="300"><subfield code="a">91P</subfield></datafield><datafield ind1=" " ind2=" " tag="490"><subfield code="a">Uspehi Fiziki Metallov</subfield><subfield code="v">T. 9</subfield></datafield><datafield ind1="1" ind2=" " tag="700"><subfield code="a">Nicholson, M.E</subfield></datafield><datafield ind1=" " ind2=" " tag="852"><subfield code="a">75220</subfield><subfield code="c">539.2</subfield></datafield><datafield ind1=" " ind2=" " tag="CAT"><subfield code="a">Sys</subfield><subfield code="c">20121123</subfield><subfield code="h">142600</subfield></datafield></record></collection>